<?xml version="1.0" encoding="UTF-8"?><collection xmlns="http://www.loc.gov/MARC21/slim"><record><leader>00315nam--2200121-i-4500</leader><controlfield tag="001">000045974</controlfield><controlfield tag="002">20161230</controlfield><controlfield tag="005">20161230201045</controlfield><controlfield tag="008">060222s1000------------r-----000-0-eng-d</controlfield><datafield ind1=" " ind2=" " tag="100"><subfield code="a">Van Arkel, A.E</subfield></datafield><datafield ind1=" " ind2=" " tag="245"><subfield code="a">Molecules and crystals in inorganic chemistry</subfield></datafield><datafield ind1=" " ind2=" " tag="260"><subfield code="a">London, Butterworth, 1949, Ix+234p</subfield></datafield><datafield ind1=" " ind2=" " tag="852"><subfield code="a">10403</subfield></datafield></record></collection>